@TECHREPORT{Heinrich04parameterestimation,
    author = {Gregor Heinrich},
    title = {Parameter estimation for text analysis},
    institution = {},
    year = {2004}
}

@ARTICLE{Varadarajan_IJCV_2012,
         author = {Varadarajan, Jagannadan and Emonet, Remi and Odobez, Jean-Marc},
       keywords = {Unsupervised {\textperiodcentered} Latent sequential patterns {\textperiodcentered} Topic models {\textperiodcentered} PLSA {\textperiodcentered} Video surveillance {\textperiodcentered} Activity analysis},
          title = {A Sequential Topic Model for Mining Recurrent Activities from Long Term Video Logs},
        journal = {Int. Journal of Computer Vision},
           year = {2012},
            pdf = {http://publications.idiap.ch/downloads/papers/2012/Varadarajan_IJCV_2012.pdf}
}

@INPROCEEDINGS{jouneau_AVSS2011,
  author = {Erwan Jouneau and Cyril Carincotte},
  title = {{Mono versus multi-view tracking-based model for automatic scene
activity modeling and anomaly detection}},
  booktitle = {IEEE Int. Conf. on 
	Advanced Video and Signal-Based Surveillance (AVSS)},
  year = {2011},
  abstract = {}
}	

@INPROCEEDINGS{EmonetAVSS2011,
  author = {Rémi Emonet and Jagannadan Varadarajan and Jean-Marc Odobez},
  title = {{Multi-camera Open Space Human Activity Discovery for Anomaly Detection}},
  booktitle = {IEEE International Conference on Advanced Video and Signal-Based Surveillance (AVSS)},
  year = {2011},
}

@inproceedings{jouneau_particle-based_2011,
	title = {Particle-Based Tracking Model for Automatic Anomaly Detection},
	author = {E. Jouneau and C. Carincotte},
	booktitle = {ICIP},
	year = {2011}
},

@article{teh_hierarchical_2006,
	title = {Hierarchical dirichlet processes},
	volume = {101},
	number = {476},
	journal = {Journal of the American Statistical Association},
	author = {Y. W Teh and M. I Jordan and M. J Beal and D. M Blei},
	year = {2006}
},

@inproceedings{varadarajan_probabilistic_2010,
	title = {Probabilistic Latent Sequential Motifs: Discovering Temporal Activity Patterns in Video Scenes},
	booktitle = {BMVC},
	author = {Jagannadan Varadarajan and R\'emi Emonet and {Jean-Marc} Odobez},
	year = {2010}
},

@inproceedings{wang_correspondence-free_2008,
	title = {Correspondence-free multi-camera activity analysis and scene modeling},
	booktitle = {CVPR},
	author = {X. Wang and K. Tieu and W. E. L. Grimson},
	year = {2008}
},

@InProceedings{jagan:iccv:2009,
        author = {J. Varadarajan and J.M. Odobez},
        title = {Topic models for Scene Analysis and Abnormality Detection},
        booktitle = {ICCV-12th International Workshop on Visual Surveillance},
        year = {2009}
},

@inproceedings{zelniker_global_2008,
	title = {Global abnormal behaviour detection using a network of {CCTV} cameras},
	author = {E. E Zelniker and S. Gong and T. Xiang},
        booktitle = {{T}he {I}nternational {W}orkshop on {V}isual {S}urveillance (VS)},
	year = {2008}
},

@article{anjum_trajectory_2009,
	title = {Trajectory association and fusion across partially overlapping cameras},
	journal = {Advanced Video and Signal Based Surveillance},
	author = {N. Anjum and A. Cavallaro},
	year = {2009}
},

@inproceedings{wang_real-time_2010,
	title = {Real-time distributed tracking with non-overlapping cameras},
	booktitle = {ICIP},
	author = {Y. Wang and L. He and S. Velipasalar},
	year = {2010}
},

@inproceedings{kuettel_whats_2010,
	title = {What's going on? Discovering spatio-temporal dependencies in dynamic scenes},
	shorttitle = {What's going on?},
	booktitle = {CVPR},
	author = {D. Kuettel and M. D Breitenstein and L. Van Gool and V. Ferrari},
	year = {2010}
},


@InProceedings{loy:iccv:2009,
	author = {Chen Change Loy and Tao Xiang and S. Gong},
	title = {Modelling Activity Global Temporal Dependencies using Time Delayed Probabilistic Graphical Model},
	booktitle = {ICCV},
	year = {2009}
},

@article{avanzi_design_2005,
	title = {Design and assessment of an intelligent activity monitoring platform},
	journal = {{EURASIP} Journal on Appl. Signal Proc.},
	author = {A. Avanzi and F. Bremond and C. Tornieri and M. Thonnat},
	year = {2005}
},

@article{cui:vs:2007,
        author = {P.Cui and L.F. Sun and Z.Q.Liu and S.Yang},
        title = {A sequential Montecarlo appraoch to anomaly detection in Tracking Visual Events},
        journal = {IEEE Workshop on Visual Surveillance},
        pages = {1-8}, 
        year = 2007
},

@InProceedings{loy:cvpr:2009,
	author = {Chen Change Loy and Tao Xiang and S. Gong},
	title = {Multi-Camera Activity Correlation Analysis},
	booktitle = {CVPR},
	year = {2009}
},

@misc{hdp:c:code,
    note = {\url{http://www.cs.princeton.edu/~chongw/}}
}

@article{blei2011introduction,
  author={David M. Blei},
  title={Introduction to Probabilistic Topic Models},
  journal={Communications of the ACM},
  year={2011},
  url={http://www.cs.princeton.edu/~blei/papers/Blei2011.pdf},
}

@incollection{steyvers2006probabilistic,
  author={Mark Steyvers and Tom Griffiths},
  editor={Landauer, T. and Mcnamara, D. and Dennis, S. and Kintsch, W.},
  title={Probabilistic Topic Models},
  booktitle={Latent Semantic Analysis: A Road to Meaning.},
  year={2006},
  publisher={Laurence Erlbaum},
  url={http://cocosci.berkeley.edu/tom/papers/SteyversGriffiths.pdf},
}

@INPROCEEDINGS{Hofmann99probabilisticlatent,
    author = {Thomas Hofmann},
    title = {Probabilistic Latent Semantic Analysis},
    booktitle = {In Proc. of Uncertainty in Artificial Intelligence, UAI’99},
    year = {1999},
    pages = {289--296}
}

@inproceedings{DBLP:conf/iccv/HospedalesGX09,
  author    = {Timothy M. Hospedales and
               Shaogang Gong and
               Tao Xiang},
  title     = {A Markov Clustering Topic Model for mining behaviour in
               video},
  booktitle = {ICCV},
  year      = {2009},
  pages     = {1165-1172},
  ee        = {http://dx.doi.org/10.1109/ICCV.2009.5459342},
  crossref  = {DBLP:conf/iccv/2009},
  bibsource = {DBLP, http://dblp.uni-trier.de}
}

@inproceedings{Blei:2006:DTM:1143844.1143859,
 author = {Blei, David M. and Lafferty, John D.},
 title = {Dynamic topic models},
 booktitle = {Proceedings of the 23rd international conference on Machine learning},
 series = {ICML '06},
 year = {2006},
 isbn = {1-59593-383-2},
 location = {Pittsburgh, Pennsylvania},
 pages = {113--120},
 numpages = {8},
 url = {http://doi.acm.org/10.1145/1143844.1143859},
 doi = {10.1145/1143844.1143859},
 acmid = {1143859},
 publisher = {ACM},
 address = {New York, NY, USA},
}
